@article{suleimanov2011bimolecular,
  title={Bimolecular reaction rates from ring polymer molecular dynamics: Application to H+ CH4→ H2+ CH3},
  author={Suleimanov, Yury V and Collepardo-Guevara, Rosana and Manolopoulos, David E},
  journal={The Journal of chemical physics},
  volume={134},
  number={4},
  pages={044131},
  year={2011},
  publisher={American Institute of Physics}
}

@article{vsponer2007molecular,
  title={Molecular dynamics simulations and their application to four-stranded DNA},
  author={{\v{S}}poner, Ji{\v{r}}{\'\i} and {\v{S}}pa{\v{c}}kov{\'a}, Nad’a},
  journal={Methods},
  volume={43},
  number={4},
  pages={278--290},
  year={2007},
  publisher={Elsevier}
}

@article{lague2004pressure,
  title={Pressure-based long-range correction for Lennard-Jones interactions in molecular dynamics simulations: application to alkanes and interfaces},
  author={Lag{\"u}e, Patrick and Pastor, Richard W and Brooks, Bernard R},
  journal={The Journal of Physical Chemistry B},
  volume={108},
  number={1},
  pages={363--368},
  year={2004},
  publisher={ACS Publications}
}

@article{novko2015ab,
  title={Ab initio molecular dynamics with simultaneous electron and phonon excitations: Application to the relaxation of hot atoms and molecules on metal surfaces},
  author={Novko, Dino and Blanco-Rey, Mar{\i}a and Juaristi, JI and Alducin, M},
  journal={Physical Review B},
  volume={92},
  number={20},
  pages={201411},
  year={2015},
  publisher={APS}
}

@article{Johnson,
author = { J.   Karl   Johnson  and  John A.   Zollweg  and  Keith E.   Gubbins },
title = {The Lennard-Jones equation of state revisited},
journal = {Molecular Physics},
volume = {78},
number = {3},
pages = {591-618},
year  = {1993},
publisher = {Taylor & Francis},
doi = {10.1080/00268979300100411},

URL = { 
        https://doi.org/10.1080/00268979300100411
    
}
}

@article{verlet1967,
  title={Computer" experiments" on classical fluids. I. Thermodynamical properties of Lennard-Jones molecules},
  author={Verlet, Loup},
  journal={Physical review},
  volume={159},
  number={1},
  pages={98},
  year={1967},
  publisher={APS}
}

@book{chandler,
  added-at = {2008-07-25T23:13:48.000+0200},
  author = {Chandler, D.},
  biburl = {https://www.bibsonomy.org/bibtex/20b76edaadc1bac83932213edfcbcb615/magdusia},
  description = {phd},
  interhash = {feda94479ed961083912476ec4a5067e},
  intrahash = {0b76edaadc1bac83932213edfcbcb615},
  keywords = {mechanics statistical},
  owner = {magd},
  publisher = {Oxford University Press},
  timestamp = {2008-07-25T23:13:55.000+0200},
  title = {Introduction to Modern Statistical Mechanics},
  year = 1987
}
@book{Pearson,
isbn = {9332535078},
year = {2014},
title = {An introduction to thermal physics},
edition = {Pearson new international edition},
language = {eng},
}

@article{Braun2018Best,
	journal={Living Journal of Computational Molecular Science},
	doi={10.33011/livecoms.1.1.5957},
	number=1,
	publisher={University of Colorado Boulder},
	title={Best Practices for Foundations in Molecular Simulations [Article v1.0]},
	volume=1,
	author={Braun, Efrem and Gilmer, Justin and Mayes, Heather B. and Mobley, David L. and Monroe, Jacob I. and Prasad, Samarjeet and Zuckerman, Daniel M.},
	pages=5957,
	date={2018-11-30},
	year=2018,
	month=11,
	day=30,
}

@incollection{Biology,
title = {Chapter 10 - Typical Properties of Colloidal Dispersions Calculable by Molecular-Microsimulations},
editor = {A. Satoh},
series = {Studies in Interface Science},
publisher = {Elsevier},
volume = {17},
pages = {153-159},
year = {2003},
booktitle = {Introduction to Molecular-Microsimulation of Colloidal Dispersions},
issn = {1383-7303},
doi = {https://doi.org/10.1016/S1383-7303(03)80038-8},
url = {https://www.sciencedirect.com/science/article/pii/S1383730303800388},
author = {A. Satoh}
}

@article{Lion_2012,
   title={Computing the local pressure in molecular dynamics simulations},
   volume={24},
   ISSN={1361-648X},
   url={http://dx.doi.org/10.1088/0953-8984/24/28/284133},
   DOI={10.1088/0953-8984/24/28/284133},
   number={28},
   journal={Journal of Physics: Condensed Matter},
   publisher={IOP Publishing},
   author={Lion, Thomas W and Allen, Rosalind J},
   year={2012},
   month={Jun},
   pages={284133}
}

@article{Frenkel1,
   title={The Frenkel Line: a direct experimental evidence for the new thermodynamic boundary},
   volume={5},
   ISSN={2045-2322},
   url={http://dx.doi.org/10.1038/srep15850},
   DOI={10.1038/srep15850},
   number={1},
   journal={Scientific Reports},
   publisher={Springer Science and Business Media LLC},
   author={Bolmatov, Dima and Zhernenkov, Mikhail and Zav’yalov, Dmitry and Tkachev, Sergey N. and Cunsolo, Alessandro and Cai, Yong Q.},
   year={2015},
   month={Nov}
}


@article{Frenkel2,
author = {Bryk, T. and Gorelli, F. A. and Mryglod, I. and Ruocco, G. and Santoro, M. and Scopigno, T.},
title = {Behavior of Supercritical Fluids across the “Frenkel Line”},
journal = {The Journal of Physical Chemistry Letters},
volume = {8},
number = {20},
pages = {4995-5001},
year = {2017},
doi = {10.1021/acs.jpclett.7b02176},
    note ={PMID: 28945381},

URL = { 
        https://doi.org/10.1021/acs.jpclett.7b02176
    
},
eprint = { 
        https://doi.org/10.1021/acs.jpclett.7b02176
    
}

}

@book{thijssen_2007, 
place={Cambridge}, 
edition={2}, 
title={Computational Physics}, 
DOI={10.1017/CBO9781139171397}, 
publisher={Cambridge University Press}, 
author={Thijssen, Jos}, 
year={2007}}

@article{braun2019best,
  title={Best practices for foundations in molecular simulations [Article v1. 0]},
  author={Braun, Efrem and Gilmer, Justin and Mayes, Heather B and Mobley, David L and Monroe, Jacob I and Prasad, Samarjeet and Zuckerman, Daniel M},
  journal={Living journal of computational molecular science},
  volume={1},
  number={1},
  year={2019},
  publisher={NIH Public Access}
}

@article{jones1924determination,
  title={On the determination of molecular fields.—I. From the variation of the viscosity of a gas with temperature},
  author={Jones, John Edward},
  journal={Proceedings of the Royal Society of London. Series A, Containing Papers of a Mathematical and Physical Character},
  volume={106},
  number={738},
  pages={441--462},
  year={1924},
  publisher={The Royal Society London}
}

@article{jones1924determination2,
  title={On the determination of molecular fields.—II. From the equation of state of a gas},
  author={Jones, John Edward},
  journal={Proceedings of the Royal Society of London. Series A, Containing Papers of a Mathematical and Physical Character},
  volume={106},
  number={738},
  pages={463--477},
  year={1924},
  publisher={The Royal Society London}
}

@article{verlet1967computer,
  title={Computer" experiments" on classical fluids. I. Thermodynamical properties of Lennard-Jones molecules},
  author={Verlet, Loup},
  journal={Physical review},
  volume={159},
  number={1},
  pages={98},
  year={1967},
  publisher={APS}
}
